%YAML 1.1
%TAG !u! tag:unity3d.com,2011:
--- !u!29 &1
OcclusionCullingSettings:
  m_ObjectHideFlags: 0
  serializedVersion: 2
  m_OcclusionBakeSettings:
    smallestOccluder: 5
    smallestHole: 0.1
    backfaceThreshold: 100
  m_SceneGUID: 00000000000000000000000000000000
  m_OcclusionCullingData: {fileID: 0}
--- !u!104 &2
RenderSettings:
  m_ObjectHideFlags: 0
  serializedVersion: 9
  m_Fog: 1
  m_FogColor: {r: 0.49181086, g: 0.5666567, b: 0.6117647, a: 1}
  m_FogMode: 1
  m_FogDensity: 0.003
  m_LinearFogStart: 0
  m_LinearFogEnd: 600
  m_AmbientSkyColor: {r: 0.368254, g: 0.38306883, b: 0.40000004, a: 0.6}
  m_AmbientEquatorColor: {r: 0.23579474, g: 0.26282853, b: 0.28235295, a: 0.6}
  m_AmbientGroundColor: {r: 0.09411766, g: 0.08297215, b: 0.068111464, a: 0.6}
  m_AmbientIntensity: 0.6
  m_AmbientMode: 0
  m_SubtractiveShadowColor: {r: 0.42, g: 0.478, b: 0.627, a: 1}
  m_SkyboxMaterial: {fileID: 2100000, guid: 1612dc54605b67947bed7b6e6b4f48c4, type: 2}
  m_HaloStrength: 0.5
  m_FlareStrength: 1
  m_FlareFadeSpeed: 3
  m_HaloTexture: {fileID: 0}
  m_SpotCookie: {fileID: 10001, guid: 0000000000000000e000000000000000, type: 0}
  m_DefaultReflectionMode: 1
  m_DefaultReflectionResolution: 512
  m_ReflectionBounces: 1
  m_ReflectionIntensity: 0.6
  m_CustomReflection: {fileID: 8900000, guid: 3b5eaa969aa89fb45b025e2ff7d7695a, type: 3}
  m_Sun: {fileID: 0}
  m_IndirectSpecularColor: {r: 0.11714766, g: 0.13919465, b: 0.16030373, a: 0.6}
  m_UseRadianceAmbientProbe: 0
--- !u!157 &4
LightmapSettings:
  m_ObjectHideFlags: 0
  serializedVersion: 11
  m_GIWorkflowMode: 0
  m_GISettings:
    serializedVersion: 2
    m_BounceScale: 1
    m_IndirectOutputScale: 1
    m_AlbedoBoost: 1
    m_EnvironmentLightingMode: 0
    m_EnableBakedLightmaps: 0
    m_EnableRealtimeLightmaps: 1
  m_LightmapEditorSettings:
    serializedVersion: 12
    m_Resolution: 1
    m_BakeResolution: 1
    m_AtlasSize: 1024
    m_AO: 0
    m_AOMaxDistance: 1
    m_CompAOExponent: 0
    m_CompAOExponentDirect: 0
    m_ExtractAmbientOcclusion: 0
    m_Padding: 2
    m_LightmapParameters: {fileID: 15203, guid: 0000000000000000f000000000000000,
      type: 0}
    m_LightmapsBakeMode: 1
    m_TextureCompression: 0
    m_FinalGather: 0
    m_FinalGatherFiltering: 1
    m_FinalGatherRayCount: 32
    m_ReflectionCompression: 2
    m_MixedBakeMode: 1
    m_BakeBackend: 0
    m_PVRSampling: 1
    m_PVRDirectSampleCount: 32
    m_PVRSampleCount: 500
    m_PVRBounces: 2
    m_PVREnvironmentSampleCount: 500
    m_PVREnvironmentReferencePointCount: 2048
    m_PVRFilteringMode: 0
    m_PVRDenoiserTypeDirect: 0
    m_PVRDenoiserTypeIndirect: 0
    m_PVRDenoiserTypeAO: 0
    m_PVRFilterTypeDirect: 0
    m_PVRFilterTypeIndirect: 0
    m_PVRFilterTypeAO: 0
    m_PVREnvironmentMIS: 0
    m_PVRCulling: 1
    m_PVRFilteringGaussRadiusDirect: 1
    m_PVRFilteringGaussRadiusIndirect: 5
    m_PVRFilteringGaussRadiusAO: 2
    m_PVRFilteringAtrousPositionSigmaDirect: 0.5
    m_PVRFilteringAtrousPositionSigmaIndirect: 2
    m_PVRFilteringAtrousPositionSigmaAO: 1
    m_ExportTrainingData: 0
    m_TrainingDataDestination: TrainingData
    m_LightProbeSampleCountMultiplier: 4
  m_LightingDataAsset: {fileID: 0}
  m_UseShadowmask: 0
--- !u!196 &5
NavMeshSettings:
  serializedVersion: 2
  m_ObjectHideFlags: 0
  m_BuildSettings:
    serializedVersion: 2
    agentTypeID: 0
    agentRadius: 0.5
    agentHeight: 2
    agentSlope: 45
    agentClimb: 0.4
    ledgeDropHeight: 0
    maxJumpAcrossDistance: 0
    minRegionArea: 2
    manualCellSize: 0
    cellSize: 0.16666667
    manualTileSize: 0
    tileSize: 256
    accuratePlacement: 0
    debug:
      m_Flags: 0
  m_NavMeshData: {fileID: 0}
--- !u!21 &411320231
Material:
  serializedVersion: 6
  m_ObjectHideFlags: 0
  m_CorrespondingSourceObject: {fileID: 0}
  m_PrefabInstance: {fileID: 0}
  m_PrefabAsset: {fileID: 0}
  m_Name: Sprites/Default
  m_Shader: {fileID: 10753, guid: 0000000000000000f000000000000000, type: 0}
  m_ShaderKeywords: 
  m_LightmapFlags: 4
  m_EnableInstancingVariants: 0
  m_DoubleSidedGI: 0
  m_CustomRenderQueue: -1
  stringTagMap: {}
  disabledShaderPasses: []
  m_SavedProperties:
    serializedVersion: 3
    m_TexEnvs:
    - _AlphaTex:
        m_Texture: {fileID: 0}
        m_Scale: {x: 1, y: 1}
        m_Offset: {x: 0, y: 0}
    - _MainTex:
        m_Texture: {fileID: 0}
        m_Scale: {x: 1, y: 1}
        m_Offset: {x: 0, y: 0}
    m_Floats:
    - PixelSnap: 0
    - _EnableExternalAlpha: 0
    m_Colors:
    - _Color: {r: 1, g: 1, b: 1, a: 1}
    - _Flip: {r: 1, g: 1, b: 1, a: 1}
    - _RendererColor: {r: 1, g: 1, b: 1, a: 1}
--- !u!4 &1180305040 stripped
Transform:
  m_CorrespondingSourceObject: {fileID: 4228391371795726651, guid: 068fdb9c89580db4c918ea0539cbd23b,
    type: 3}
  m_PrefabInstance: {fileID: 4228391372772345771}
  m_PrefabAsset: {fileID: 0}
--- !u!43 &1736019321
Mesh:
  m_ObjectHideFlags: 0
  m_CorrespondingSourceObject: {fileID: 0}
  m_PrefabInstance: {fileID: 0}
  m_PrefabAsset: {fileID: 0}
  m_Name: 
  serializedVersion: 10
  m_SubMeshes:
  - serializedVersion: 2
    firstByte: 0
    indexCount: 24
    topology: 0
    baseVertex: 0
    firstVertex: 0
    vertexCount: 8
    localAABB:
      m_Center: {x: 0, y: 0.01, z: 0}
      m_Extent: {x: 1.65, y: 0, z: 1.275}
  m_Shapes:
    vertices: []
    shapes: []
    channels: []
    fullWeights: []
  m_BindPose: []
  m_BoneNameHashes: 
  m_RootBoneNameHash: 0
  m_BonesAABB: []
  m_VariableBoneCountWeights:
    m_Data: 
  m_MeshCompression: 0
  m_IsReadable: 1
  m_KeepVertices: 1
  m_KeepIndices: 1
  m_IndexFormat: 0
  m_IndexBuffer: 000004000100010004000500010005000200020005000600020006000300030006000700030007000000000007000400
  m_VertexData:
    serializedVersion: 3
    m_VertexCount: 8
    m_Channels:
    - stream: 0
      offset: 0
      format: 0
      dimension: 3
    - stream: 0
      offset: 0
      format: 0
      dimension: 0
    - stream: 0
      offset: 0
      format: 0
      dimension: 0
    - stream: 0
      offset: 12
      format: 0
      dimension: 4
    - stream: 0
      offset: 28
      format: 0
      dimension: 2
    - stream: 0
      offset: 0
      format: 0
      dimension: 0
    - stream: 0
      offset: 0
      format: 0
      dimension: 0
    - stream: 0
      offset: 0
      format: 0
      dimension: 0
    - stream: 0
      offset: 0
      format: 0
      dimension: 0
    - stream: 0
      offset: 0
      format: 0
      dimension: 0
    - stream: 0
      offset: 0
      format: 0
      dimension: 0
    - stream: 0
      offset: 0
      format: 0
      dimension: 0
    - stream: 0
      offset: 0
      format: 0
      dimension: 0
    - stream: 0
      offset: 0
      format: 0
      dimension: 0
    m_DataSize: 288
    _typelessdata: 0000c03f0ad7233c000090bf000000000000803f0000803f0000803f00000000000000000000c0bf0ad7233c000090bf000000000000803f0000803f0000803f0000803f000000000000c0bf0ad7233c0000903f000000000000803f0000803f0000803f00000000000000000000c03f0ad7233c0000903f000000000000803f0000803f0000803f0000803f000000003333d33f0ad7233c3333a3bf000000000000803f0000803f00000000000000000000803f3333d3bf0ad7233c3333a3bf000000000000803f0000803f000000000000803f0000803f3333d3bf0ad7233c3333a33f000000000000803f0000803f00000000000000000000803f3333d33f0ad7233c3333a33f000000000000803f0000803f000000000000803f0000803f
  m_CompressedMesh:
    m_Vertices:
      m_NumItems: 0
      m_Range: 0
      m_Start: 0
      m_Data: 
      m_BitSize: 0
    m_UV:
      m_NumItems: 0
      m_Range: 0
      m_Start: 0
      m_Data: 
      m_BitSize: 0
    m_Normals:
      m_NumItems: 0
      m_Range: 0
      m_Start: 0
      m_Data: 
      m_BitSize: 0
    m_Tangents:
      m_NumItems: 0
      m_Range: 0
      m_Start: 0
      m_Data: 
      m_BitSize: 0
    m_Weights:
      m_NumItems: 0
      m_Data: 
      m_BitSize: 0
    m_NormalSigns:
      m_NumItems: 0
      m_Data: 
      m_BitSize: 0
    m_TangentSigns:
      m_NumItems: 0
      m_Data: 
      m_BitSize: 0
    m_FloatColors:
      m_NumItems: 0
      m_Range: 0
      m_Start: 0
      m_Data: 
      m_BitSize: 0
    m_BoneIndices:
      m_NumItems: 0
      m_Data: 
      m_BitSize: 0
    m_Triangles:
      m_NumItems: 0
      m_Data: 
      m_BitSize: 0
    m_UVInfo: 0
  m_LocalAABB:
    m_Center: {x: 0, y: 0.01, z: 0}
    m_Extent: {x: 1.65, y: 0, z: 1.275}
  m_MeshUsageFlags: 0
  m_BakedConvexCollisionMesh: 
  m_BakedTriangleCollisionMesh: 
  m_MeshMetrics[0]: 1
  m_MeshMetrics[1]: 1
  m_MeshOptimizationFlags: 1
  m_StreamData:
    offset: 0
    size: 0
    path: 
--- !u!1001 &1787905839
PrefabInstance:
  m_ObjectHideFlags: 0
  serializedVersion: 2
  m_Modification:
    m_TransformParent: {fileID: 0}
    m_Modifications:
    - target: {fileID: 146900, guid: 4d293c8e162f3874b982baadd71153d2, type: 3}
      propertyPath: m_Name
      value: '[CameraRig]'
      objectReference: {fileID: 0}
    - target: {fileID: 420908, guid: 4d293c8e162f3874b982baadd71153d2, type: 3}
      propertyPath: m_LocalPosition.x
      value: 383.41
      objectReference: {fileID: 0}
    - target: {fileID: 420908, guid: 4d293c8e162f3874b982baadd71153d2, type: 3}
      propertyPath: m_LocalPosition.y
      value: 25
      objectReference: {fileID: 0}
    - target: {fileID: 420908, guid: 4d293c8e162f3874b982baadd71153d2, type: 3}
      propertyPath: m_LocalPosition.z
      value: 2207
      objectReference: {fileID: 0}
    - target: {fileID: 420908, guid: 4d293c8e162f3874b982baadd71153d2, type: 3}
      propertyPath: m_LocalRotation.x
      value: -0
      objectReference: {fileID: 0}
    - target: {fileID: 420908, guid: 4d293c8e162f3874b982baadd71153d2, type: 3}
      propertyPath: m_LocalRotation.y
      value: -0
      objectReference: {fileID: 0}
    - target: {fileID: 420908, guid: 4d293c8e162f3874b982baadd71153d2, type: 3}
      propertyPath: m_LocalRotation.z
      value: -0
      objectReference: {fileID: 0}
    - target: {fileID: 420908, guid: 4d293c8e162f3874b982baadd71153d2, type: 3}
      propertyPath: m_LocalRotation.w
      value: 1
      objectReference: {fileID: 0}
    - target: {fileID: 420908, guid: 4d293c8e162f3874b982baadd71153d2, type: 3}
      propertyPath: m_RootOrder
      value: 4
      objectReference: {fileID: 0}
    - target: {fileID: 420908, guid: 4d293c8e162f3874b982baadd71153d2, type: 3}
      propertyPath: m_LocalEulerAnglesHint.x
      value: 0
      objectReference: {fileID: 0}
    - target: {fileID: 420908, guid: 4d293c8e162f3874b982baadd71153d2, type: 3}
      propertyPath: m_LocalEulerAnglesHint.y
      value: 0
      objectReference: {fileID: 0}
    - target: {fileID: 420908, guid: 4d293c8e162f3874b982baadd71153d2, type: 3}
      propertyPath: m_LocalEulerAnglesHint.z
      value: 0
      objectReference: {fileID: 0}
    - target: {fileID: 2348914, guid: 4d293c8e162f3874b982baadd71153d2, type: 3}
      propertyPath: m_Materials.Array.data[0]
      value: 
      objectReference: {fileID: 411320231}
    - target: {fileID: 3380982, guid: 4d293c8e162f3874b982baadd71153d2, type: 3}
      propertyPath: m_Mesh
      value: 
      objectReference: {fileID: 1736019321}
    m_RemovedComponents: []
  m_SourcePrefab: {fileID: 100100000, guid: 4d293c8e162f3874b982baadd71153d2, type: 3}
--- !u!1001 &744074317972807720
PrefabInstance:
  m_ObjectHideFlags: 0
  serializedVersion: 2
  m_Modification:
    m_TransformParent: {fileID: 0}
    m_Modifications:
    - target: {fileID: 2537064909940957227, guid: c1f14c08ac2a66f498fafc0a4292a5ea,
        type: 3}
      propertyPath: m_LocalPosition.x
      value: 383.17
      objectReference: {fileID: 0}
    - target: {fileID: 2537064909940957227, guid: c1f14c08ac2a66f498fafc0a4292a5ea,
        type: 3}
      propertyPath: m_LocalPosition.y
      value: 25
      objectReference: {fileID: 0}
    - target: {fileID: 2537064909940957227, guid: c1f14c08ac2a66f498fafc0a4292a5ea,
        type: 3}
      propertyPath: m_LocalPosition.z
      value: 2230
      objectReference: {fileID: 0}
    - target: {fileID: 2537064909940957227, guid: c1f14c08ac2a66f498fafc0a4292a5ea,
        type: 3}
      propertyPath: m_LocalRotation.x
      value: 0
      objectReference: {fileID: 0}
    - target: {fileID: 2537064909940957227, guid: c1f14c08ac2a66f498fafc0a4292a5ea,
        type: 3}
      propertyPath: m_LocalRotation.y
      value: 1
      objectReference: {fileID: 0}
    - target: {fileID: 2537064909940957227, guid: c1f14c08ac2a66f498fafc0a4292a5ea,
        type: 3}
      propertyPath: m_LocalRotation.z
      value: 0
      objectReference: {fileID: 0}
    - target: {fileID: 2537064909940957227, guid: c1f14c08ac2a66f498fafc0a4292a5ea,
        type: 3}
      propertyPath: m_LocalRotation.w
      value: 0
      objectReference: {fileID: 0}
    - target: {fileID: 2537064909940957227, guid: c1f14c08ac2a66f498fafc0a4292a5ea,
        type: 3}
      propertyPath: m_RootOrder
      value: 0
      objectReference: {fileID: 0}
    - target: {fileID: 2537064909940957227, guid: c1f14c08ac2a66f498fafc0a4292a5ea,
        type: 3}
      propertyPath: m_LocalEulerAnglesHint.x
      value: 0
      objectReference: {fileID: 0}
    - target: {fileID: 2537064909940957227, guid: c1f14c08ac2a66f498fafc0a4292a5ea,
        type: 3}
      propertyPath: m_LocalEulerAnglesHint.y
      value: 180
      objectReference: {fileID: 0}
    - target: {fileID: 2537064909940957227, guid: c1f14c08ac2a66f498fafc0a4292a5ea,
        type: 3}
      propertyPath: m_LocalEulerAnglesHint.z
      value: 0
      objectReference: {fileID: 0}
    - target: {fileID: 2539984851012518279, guid: c1f14c08ac2a66f498fafc0a4292a5ea,
        type: 3}
      propertyPath: m_Name
      value: _Drone [Quad]
      objectReference: {fileID: 0}
    m_RemovedComponents: []
  m_SourcePrefab: {fileID: 100100000, guid: c1f14c08ac2a66f498fafc0a4292a5ea, type: 3}
--- !u!1001 &1009972750474183916
PrefabInstance:
  m_ObjectHideFlags: 0
  serializedVersion: 2
  m_Modification:
    m_TransformParent: {fileID: 0}
    m_Modifications:
    - target: {fileID: 1009972752205903267, guid: c055a5181570d68448f43bd75088e20c,
        type: 3}
      propertyPath: m_Name
      value: Terrain
      objectReference: {fileID: 0}
    - target: {fileID: 1009972752205903294, guid: c055a5181570d68448f43bd75088e20c,
        type: 3}
      propertyPath: m_LocalPosition.x
      value: 249.1
      objectReference: {fileID: 0}
    - target: {fileID: 1009972752205903294, guid: c055a5181570d68448f43bd75088e20c,
        type: 3}
      propertyPath: m_LocalPosition.y
      value: 7.3
      objectReference: {fileID: 0}
    - target: {fileID: 1009972752205903294, guid: c055a5181570d68448f43bd75088e20c,
        type: 3}
      propertyPath: m_LocalPosition.z
      value: 2067.7998
      objectReference: {fileID: 0}
    - target: {fileID: 1009972752205903294, guid: c055a5181570d68448f43bd75088e20c,
        type: 3}
      propertyPath: m_LocalRotation.x
      value: 0
      objectReference: {fileID: 0}
    - target: {fileID: 1009972752205903294, guid: c055a5181570d68448f43bd75088e20c,
        type: 3}
      propertyPath: m_LocalRotation.y
      value: 0
      objectReference: {fileID: 0}
    - target: {fileID: 1009972752205903294, guid: c055a5181570d68448f43bd75088e20c,
        type: 3}
      propertyPath: m_LocalRotation.z
      value: 0
      objectReference: {fileID: 0}
    - target: {fileID: 1009972752205903294, guid: c055a5181570d68448f43bd75088e20c,
        type: 3}
      propertyPath: m_LocalRotation.w
      value: 1
      objectReference: {fileID: 0}
    - target: {fileID: 1009972752205903294, guid: c055a5181570d68448f43bd75088e20c,
        type: 3}
      propertyPath: m_RootOrder
      value: 3
      objectReference: {fileID: 0}
    - target: {fileID: 1009972752205903294, guid: c055a5181570d68448f43bd75088e20c,
        type: 3}
      propertyPath: m_LocalEulerAnglesHint.x
      value: 0
      objectReference: {fileID: 0}
    - target: {fileID: 1009972752205903294, guid: c055a5181570d68448f43bd75088e20c,
        type: 3}
      propertyPath: m_LocalEulerAnglesHint.y
      value: 0
      objectReference: {fileID: 0}
    - target: {fileID: 1009972752205903294, guid: c055a5181570d68448f43bd75088e20c,
        type: 3}
      propertyPath: m_LocalEulerAnglesHint.z
      value: 0
      objectReference: {fileID: 0}
    m_RemovedComponents: []
  m_SourcePrefab: {fileID: 100100000, guid: c055a5181570d68448f43bd75088e20c, type: 3}
--- !u!4 &2983085760084770819 stripped
Transform:
  m_CorrespondingSourceObject: {fileID: 2537064909940957227, guid: c1f14c08ac2a66f498fafc0a4292a5ea,
    type: 3}
  m_PrefabInstance: {fileID: 744074317972807720}
  m_PrefabAsset: {fileID: 0}
--- !u!1 &2985006377433416621 stripped
GameObject:
  m_CorrespondingSourceObject: {fileID: 2539929972319150981, guid: c1f14c08ac2a66f498fafc0a4292a5ea,
    type: 3}
  m_PrefabInstance: {fileID: 744074317972807720}
  m_PrefabAsset: {fileID: 0}
--- !u!1 &2985189949982955331 stripped
GameObject:
  m_CorrespondingSourceObject: {fileID: 2539746340188878699, guid: c1f14c08ac2a66f498fafc0a4292a5ea,
    type: 3}
  m_PrefabInstance: {fileID: 744074317972807720}
  m_PrefabAsset: {fileID: 0}
--- !u!1 &2985273111848204607 stripped
GameObject:
  m_CorrespondingSourceObject: {fileID: 2539653823941450007, guid: c1f14c08ac2a66f498fafc0a4292a5ea,
    type: 3}
  m_PrefabInstance: {fileID: 744074317972807720}
  m_PrefabAsset: {fileID: 0}
--- !u!1 &2985753986206568213 stripped
GameObject:
  m_CorrespondingSourceObject: {fileID: 2539182225984728893, guid: c1f14c08ac2a66f498fafc0a4292a5ea,
    type: 3}
  m_PrefabInstance: {fileID: 744074317972807720}
  m_PrefabAsset: {fileID: 0}
--- !u!1001 &4228391372772345771
PrefabInstance:
  m_ObjectHideFlags: 0
  serializedVersion: 2
  m_Modification:
    m_TransformParent: {fileID: 0}
    m_Modifications:
    - target: {fileID: 4228391372830350178, guid: 068fdb9c89580db4c918ea0539cbd23b,
        type: 3}
      propertyPath: m_Name
      value: OVRCameraRig
      objectReference: {fileID: 0}
    - target: {fileID: 4228391372830350178, guid: 068fdb9c89580db4c918ea0539cbd23b,
        type: 3}
      propertyPath: m_IsActive
      value: 0
      objectReference: {fileID: 0}
    - target: {fileID: 4228391372830705474, guid: 068fdb9c89580db4c918ea0539cbd23b,
        type: 3}
      propertyPath: m_LocalPosition.x
      value: 383.41
      objectReference: {fileID: 0}
    - target: {fileID: 4228391372830705474, guid: 068fdb9c89580db4c918ea0539cbd23b,
        type: 3}
      propertyPath: m_LocalPosition.y
      value: 25
      objectReference: {fileID: 0}
    - target: {fileID: 4228391372830705474, guid: 068fdb9c89580db4c918ea0539cbd23b,
        type: 3}
      propertyPath: m_LocalPosition.z
      value: 2207
      objectReference: {fileID: 0}
    - target: {fileID: 4228391372830705474, guid: 068fdb9c89580db4c918ea0539cbd23b,
        type: 3}
      propertyPath: m_LocalRotation.x
      value: -0
      objectReference: {fileID: 0}
    - target: {fileID: 4228391372830705474, guid: 068fdb9c89580db4c918ea0539cbd23b,
        type: 3}
      propertyPath: m_LocalRotation.y
      value: -0
      objectReference: {fileID: 0}
    - target: {fileID: 4228391372830705474, guid: 068fdb9c89580db4c918ea0539cbd23b,
        type: 3}
      propertyPath: m_LocalRotation.z
      value: -0
      objectReference: {fileID: 0}
    - target: {fileID: 4228391372830705474, guid: 068fdb9c89580db4c918ea0539cbd23b,
        type: 3}
      propertyPath: m_LocalRotation.w
      value: 1
      objectReference: {fileID: 0}
    - target: {fileID: 4228391372830705474, guid: 068fdb9c89580db4c918ea0539cbd23b,
        type: 3}
      propertyPath: m_RootOrder
      value: 1
      objectReference: {fileID: 0}
    - target: {fileID: 4228391372830705474, guid: 068fdb9c89580db4c918ea0539cbd23b,
        type: 3}
      propertyPath: m_LocalEulerAnglesHint.x
      value: 0
      objectReference: {fileID: 0}
    - target: {fileID: 4228391372830705474, guid: 068fdb9c89580db4c918ea0539cbd23b,
        type: 3}
      propertyPath: m_LocalEulerAnglesHint.y
      value: 0
      objectReference: {fileID: 0}
    - target: {fileID: 4228391372830705474, guid: 068fdb9c89580db4c918ea0539cbd23b,
        type: 3}
      propertyPath: m_LocalEulerAnglesHint.z
      value: 0
      objectReference: {fileID: 0}
    m_RemovedComponents: []
  m_SourcePrefab: {fileID: 100100000, guid: 068fdb9c89580db4c918ea0539cbd23b, type: 3}
--- !u!1001 &6986288109685300669
PrefabInstance:
  m_ObjectHideFlags: 0
  serializedVersion: 2
  m_Modification:
    m_TransformParent: {fileID: 0}
    m_Modifications:
    - target: {fileID: 6986288108672720296, guid: 0e8e00da286ed2e40aac99cb1a3eca68,
        type: 3}
      propertyPath: m_Name
      value: MovementManager
      objectReference: {fileID: 0}
    - target: {fileID: 6986288108672720298, guid: 0e8e00da286ed2e40aac99cb1a3eca68,
        type: 3}
      propertyPath: m_LocalPosition.x
      value: 0
      objectReference: {fileID: 0}
    - target: {fileID: 6986288108672720298, guid: 0e8e00da286ed2e40aac99cb1a3eca68,
        type: 3}
      propertyPath: m_LocalPosition.y
      value: 0
      objectReference: {fileID: 0}
    - target: {fileID: 6986288108672720298, guid: 0e8e00da286ed2e40aac99cb1a3eca68,
        type: 3}
      propertyPath: m_LocalPosition.z
      value: 0
      objectReference: {fileID: 0}
    - target: {fileID: 6986288108672720298, guid: 0e8e00da286ed2e40aac99cb1a3eca68,
        type: 3}
      propertyPath: m_LocalRotation.x
      value: 0
      objectReference: {fileID: 0}
    - target: {fileID: 6986288108672720298, guid: 0e8e00da286ed2e40aac99cb1a3eca68,
        type: 3}
      propertyPath: m_LocalRotation.y
      value: 0
      objectReference: {fileID: 0}
    - target: {fileID: 6986288108672720298, guid: 0e8e00da286ed2e40aac99cb1a3eca68,
        type: 3}
      propertyPath: m_LocalRotation.z
      value: 0
      objectReference: {fileID: 0}
    - target: {fileID: 6986288108672720298, guid: 0e8e00da286ed2e40aac99cb1a3eca68,
        type: 3}
      propertyPath: m_LocalRotation.w
      value: 1
      objectReference: {fileID: 0}
    - target: {fileID: 6986288108672720298, guid: 0e8e00da286ed2e40aac99cb1a3eca68,
        type: 3}
      propertyPath: m_RootOrder
      value: 2
      objectReference: {fileID: 0}
    - target: {fileID: 6986288108672720298, guid: 0e8e00da286ed2e40aac99cb1a3eca68,
        type: 3}
      propertyPath: m_LocalEulerAnglesHint.x
      value: 0
      objectReference: {fileID: 0}
    - target: {fileID: 6986288108672720298, guid: 0e8e00da286ed2e40aac99cb1a3eca68,
        type: 3}
      propertyPath: m_LocalEulerAnglesHint.y
      value: 0
      objectReference: {fileID: 0}
    - target: {fileID: 6986288108672720298, guid: 0e8e00da286ed2e40aac99cb1a3eca68,
        type: 3}
      propertyPath: m_LocalEulerAnglesHint.z
      value: 0
      objectReference: {fileID: 0}
    - target: {fileID: 6986288108672720299, guid: 0e8e00da286ed2e40aac99cb1a3eca68,
        type: 3}
      propertyPath: drone
      value: 
      objectReference: {fileID: 2983085760084770819}
    - target: {fileID: 6986288108672720299, guid: 0e8e00da286ed2e40aac99cb1a3eca68,
        type: 3}
      propertyPath: player
      value: 
      objectReference: {fileID: 1180305040}
    - target: {fileID: 6986288108672720299, guid: 0e8e00da286ed2e40aac99cb1a3eca68,
        type: 3}
      propertyPath: propellers.Array.data[0]
      value: 
      objectReference: {fileID: 2985006377433416621}
    - target: {fileID: 6986288108672720299, guid: 0e8e00da286ed2e40aac99cb1a3eca68,
        type: 3}
      propertyPath: propellers.Array.data[1]
      value: 
      objectReference: {fileID: 2985753986206568213}
    - target: {fileID: 6986288108672720299, guid: 0e8e00da286ed2e40aac99cb1a3eca68,
        type: 3}
      propertyPath: propellers.Array.data[2]
      value: 
      objectReference: {fileID: 2985189949982955331}
    - target: {fileID: 6986288108672720299, guid: 0e8e00da286ed2e40aac99cb1a3eca68,
        type: 3}
      propertyPath: propellers.Array.data[3]
      value: 
      objectReference: {fileID: 2985273111848204607}
    m_RemovedComponents: []
  m_SourcePrefab: {fileID: 100100000, guid: 0e8e00da286ed2e40aac99cb1a3eca68, type: 3}
